@article{mutationperformance,
year = {2012},
title = {Analyzing the Performance of Mutation Operators to Solve the Travelling Salesman Problem},
copyright = {http://arxiv.org/licenses/nonexclusive-distrib/1.0},
language = {eng},
author = {Abdoun, Otman and Abouchabaka, Jaafar and Tajani, Chakir},
}

@book{EibenA.E2015ItEC,
series = {Natural Computing Series},
pages = 74,
publisher = {Springer Berlin / Heidelberg},
booktitle = {<h>Introduction</h> <h>to Evolutionary</h> <h>Computing</h>},
isbn = {3662448734},
year = {2015},
title = {Introduction to Evolutionary Computing},
language = {eng},
address = {Berlin, Heidelberg},
author = {Eiben, A. E and Smith, James E},
keywords = {Evolutionary programming (Computer science) ; Evolutionary computation},
}

@inproceedings{dpxcrossover,
author = {Freisleben, B. and Merz, Peter},
year = {1996},
month = {06},
pages = {616 - 621},
title = {A genetic local search algorithm for solving symmetric and asymmetric traveling salesman problem},
isbn = {0-7803-2902-3},
journal = {Proceedings 1996 ICEC 616-621},
doi = {10.1109/ICEC.1996.542671}
}

@article{distance,
issn = {1089-778X},
journal = {IEEE transactions on evolutionary computation},
pages = {508--522},
volume = {24},
publisher = {IEEE},
number = {3},
year = {2020},
title = {A Niching Memetic Algorithm for Multi-Solution Traveling Salesman Problem},
language = {eng},
address = {PISCATAWAY},
author = {Huang, Ting and Gong, Yue-Jiao and Kwong, Sam and Wang, Hua and Zhang, Jun},
keywords = {Geometry ; Memetics ; Memetic algorithm ; neighborhood niching strategy ; multi-solution traveling salesman problem (MSTSP) ; Urban areas ; Sociology ; Traveling salesman problems ; multimodal optimization (MMOP) ; Statistics ; Optimization ; Computer Science, Artificial Intelligence ; Computer Science, Theory & Methods ; Technology ; Computer Science ; Science & Technology},
}


